% 24603210 
@Article{pmid24603210,
   Author="VÃ¤stermark, A.  and Lunt, B.  and Saier, M. ",
   Title="{{M}ajor facilitator superfamily porters, {L}ac{Y}, {F}uc{P} and {X}yl{E} of {E}scherichia coli appear to have evolved positionally dissimilar catalytic residues without rearrangement of 3-{T}{M}{S} repeat units}",
   Journal="J Mol Microbiol Biotechnol",
   Year="2014",
   Volume="24",
   Number="2",
   Pages="82--90"
}

